%% This BibTeX bibliography file was created using BibDesk.
%% https://bibdesk.sourceforge.io/

%% Created for Johnny Tang at 2024-01-29 16:13:22 +0800 


%% Saved with string encoding Unicode (UTF-8) 



@book{ayumu2,
	author = {Ayumu},
	date-added = {2024-01-29 16:13:14 +0800},
	date-modified = {2024-01-29 16:13:14 +0800},
	title = {数学分析II},
	year = {2024}}

@book{ayumu3,
	author = {Ayumu},
	date-added = {2024-01-29 16:12:51 +0800},
	date-modified = {2024-01-29 16:13:20 +0800},
	title = {数学分析III},
	year = {2024}}

@book{ayumu1,
	author = {Ayumu},
	date-added = {2024-01-29 16:12:19 +0800},
	date-modified = {2024-01-29 16:12:47 +0800},
	publisher = {复旦大学出版社},
	title = {数学分析I},
	year = {2024}}

@book{thu,
	author = {清华大学数学系及丘成桐数学科学中心},
	date-added = {2024-01-29 11:23:05 +0800},
	date-modified = {2024-01-29 11:24:10 +0800},
	title = {数学分析之课程讲义（丘成桐数学英才班试用）},
	year = {2020}}

@book{zorich1,
	author = {B.A.卓里奇},
	date-added = {2024-01-29 11:22:47 +0800},
	date-modified = {2024-01-29 11:22:47 +0800},
	publisher = {高等教育出版社},
	title = {数学分析（第一卷）},
	year = {2019}}

@book{zorich2,
	author = {B.A.卓里奇},
	date-added = {2024-01-29 11:21:45 +0800},
	date-modified = {2024-01-29 11:23:01 +0800},
	publisher = {高等教育出版社},
	title = {数学分析（第二卷）},
	year = {2019}}
